<?xml version="1.0" encoding="UTF-8"?><collection xmlns="http://www.loc.gov/MARC21/slim"><record><leader>00482nam--2200181-u-4500</leader><controlfield tag="001">000053960</controlfield><controlfield tag="002">20161230</controlfield><controlfield tag="005">20161230201051</controlfield><controlfield tag="008">110726s1000------------r-----000-0-rus-d</controlfield><datafield ind1=" " ind2=" " tag="040"><subfield code="a">IFIN-HH</subfield></datafield><datafield ind1=" " ind2=" " tag="041"><subfield code="a">rus</subfield></datafield><datafield ind1=" " ind2=" " tag="080"><subfield code="a">537.222.22:621.315.592</subfield></datafield><datafield ind1="1" ind2=" " tag="100"><subfield code="a">Sobolev,V.V</subfield></datafield><datafield ind1="1" ind2="0" tag="245"><subfield code="a">SOBSTVENNIE ENERGETICESKIE UROVNI SOEDINENII GRUPPI AivBvi</subfield><subfield code="c">V.v. sobolev</subfield></datafield><datafield ind1=" " ind2=" " tag="260"><subfield code="a">Kisinev</subfield><subfield code="b">Sitiinta</subfield><subfield code="c">1981</subfield></datafield><datafield ind1=" " ind2=" " tag="300"><subfield code="a">283P</subfield></datafield><datafield ind1=" " ind2=" " tag="852"><subfield code="a">70345</subfield><subfield code="c">537.311.33</subfield></datafield><datafield ind1=" " ind2=" " tag="CAT"><subfield code="a">Sys</subfield><subfield code="c">20110726</subfield><subfield code="h">154716</subfield></datafield></record></collection>